<?xml version="1.0" encoding="UTF-8"?><collection xmlns="http://www.loc.gov/MARC21/slim"><record><leader>00647nam--2200205-i-4500</leader><controlfield tag="001">000000175</controlfield><controlfield tag="002">20161230</controlfield><controlfield tag="005">20161230201023</controlfield><controlfield tag="008">060222s1000------------r-----000-0-eng-d</controlfield><datafield ind1=" " ind2=" " tag="020"><subfield code="a">0240507534</subfield></datafield><datafield ind1=" " ind2=" " tag="040"><subfield code="a">IFIN-HH</subfield></datafield><datafield ind1=" " ind2=" " tag="080"><subfield code="a">778.3:537.226:621.391.2</subfield></datafield><datafield ind1="1" ind2=" " tag="100"><subfield code="a">Fridkin, V.M</subfield></datafield><datafield ind1="1" ind2="0" tag="245"><subfield code="a">The physics of the electrophotographic process</subfield><subfield code="b">Translated by grace e. lockie</subfield><subfield code="c">V.m. fridkin</subfield></datafield><datafield ind1=" " ind2=" " tag="260"><subfield code="a">London</subfield><subfield code="b">The Focal Press</subfield><subfield code="c">1972</subfield></datafield><datafield ind1=" " ind2=" " tag="300"><subfield code="a">334 P</subfield></datafield><datafield ind1=" " ind2=" " tag="490"><subfield code="a">The Focal Library</subfield></datafield><datafield ind1=" " ind2=" " tag="500"><subfield code="a">Titlul Original In Limba Rusa: Fiziceskie Osnovi Elektrofotograficeskogo Protzessa</subfield></datafield><datafield ind1=" " ind2=" " tag="852"><subfield code="a">39065</subfield><subfield code="c">537.226</subfield></datafield><datafield ind1=" " ind2=" " tag="CAT"><subfield code="a">Sys</subfield><subfield code="c">20110706</subfield><subfield code="h">133559</subfield></datafield></record></collection>